1 @book{liddy2001,
    author  = "E. D. Liddy",
    title   = "Natural Language Processing",
    year    = "2001",
    editor  = "Encyclopedia of Library and Information Science",
    edition = "2",
    publisher = "Marcel Decker Inc"
}

2 @article{nadkarni2011,
    author  = "P. M. Nadkarni and L. Ohno-Machado and W. W. Chapman",
    title   = "Natural language processing: An introduction",
    year    = "2011",
    journal = "Journal of the American Medical Informatics Association",
    volume  = "18",
    number  = "5",
    pages   = "544--551",
    doi     = "10.1136/amiajnl-2011-000464"
}

3 @misc{grefenstette1994,
    author  = "G. Grefenstette and P. Tapanainen",
    title   = "What is a word? What is a sentence? Problems of Tokenization",
    year    = "1994",
    howpublished = "Rank Xerox Research Centre, Grenoble Laboratory"
}

4 @article{hickman2020,
    author  = "L. Hickman and S. Thapa and L. Tay and M. Cao and P. Srinivasan",
    title   = "Text Preprocessing for Text Mining in Organizational Research: Review and Recommendations",
    year    = "2020",
    journal = "Organizational Research Methods",
    volume  = "25",
    number  = "1",
    pages   = "114--146",
    doi     = "10.1177/1094428120971683"
}

5 @misc{brill1998,
    author  = "E. Brill and R. Florian and J. C. Henderson and L. Mangu",
    title   = "Beyond N-Grams: Can Linguistic Sophistication Improve Language Modeling?",
    year    = "1998",
    howpublished = "Department of Computer Science, Johns Hopkins University"
}

6 @inproceedings{shareghi2019,
    author  = "E. Shareghi and D. Gerz and I. VuliÄ‡ and A. Korhonen",
    title   = "Show Some Love to Your -grams: A Bit of Progress and Stronger -gram Language Modeling Baselines",
    year    = "2019",
    booktitle = "Proceedings of the North American Chapter of the Association for Computational Linguistics: Human Language Technologies",
    volume  = "1",
    pages   = "4173--4185"
}

7 @article{myung2003,
    author  = "I. J. Myung",
    title   = "Tutorial on Maximum Likelihood Estimation",
    year    = "2003",
    journal = "Journal of Mathematical Psychology",
    volume  = "47",
    number  = "1",
    pages   = "90--100",
    doi     = "10.1016/S0022-2496(02)00028-7"
}

8 @article{dongare2012,
    author  = "A. D. Dongare and R. R. Kharde and A. D. Kachare",
    title   = "Introduction to Artificial Neural Network",
    year    = "2012",
    journal = "International Journal of Engineering and Innovative Technology (IJEIT)",
    volume  = "2",
    number  = "1"
}

9 @article{hochreiter1997,
    author  = "S. Hochreiter and J. Schmidhuber",
    title   = "Long Short-Term Memory",
    year    = "1997",
    journal = "Neural Computation",
    volume  = "9",
    number  = "8",
    pages   = "1735--1780",
    doi     = "10.1162/neco.1997.9.8.1735"
}
